@inproceedings{inproceedings,
author = {Vanfretti, Luigi and Milano, Federico},
year = {2007},
month = {07},
pages = {1 - 7},
title = {Application of the PSAT, an Open Source Software, for Educational and Research Purposes},
doi = {10.1109/PES.2007.385952}
}