@article{matlab2tikz,
	author= {Nico Schlömer},
	title = {matlab2tikz/matlab2tikz},
	url = {https://github.com/matlab2tikz/matlab2tikz},
	urldate = {20-05-2021}, 
	Retrieved = {May 20, 2021},
	month = Oct,
	year = 2020,
}

@article{schafer01,
	title={Non-Gaussian power grid frequency fluctuations characterized by Lévy-stable laws and superstatistics},
	volume={3},
	ISSN={2058-7546},
	url={http://dx.doi.org/10.1038/s41560-017-0058-z},
	DOI={10.1038/s41560-017-0058-z},
	number={2},
	journal={Nature Energy},
	publisher={Springer Science and Business Media LLC},
	author={Schäfer, Benjamin and Beck, Christian and Aihara, Kazuyuki and Witthaut, Dirk and Timme, Marc},
	year={2018},
	month={Jan},
	pages={119–126}
}

@ARTICLE{ghanvati01,  author={Ghanavati, Goodarz and Hines, Paul D. H. and Lakoba, Taras I.},  journal={IEEE Transactions on Power Systems},   title={Identifying Useful Statistical Indicators of Proximity to Instability in Stochastic Power Systems},   year={2016},  volume={31},  number={2},  pages={1360-1368},  doi={10.1109/TPWRS.2015.2412115}}

@ARTICLE{vorobev01,  author={Vorobev, Petr and Greenwood, David M. and Bell, John H. and Bialek, Janusz W. and Taylor, Philip C. and Turitsyn, Konstantin},  journal={IEEE Transactions on Power Systems},   title={Deadbands, Droop, and Inertia Impact on Power System Frequency Distribution},   year={2019},  volume={34},  number={4},  pages={3098-3108},  doi={10.1109/TPWRS.2019.2895547}}

@ARTICLE{sanchez01,  author={Cotilla-Sanchez, Eduardo and Hines, Paul D. H. and Danforth, Christopher M.},  journal={IEEE Transactions on Smart Grid},   title={Predicting Critical Transitions From Time Series Synchrophasor Data},   year={2012},  volume={3},  number={4},  pages={1832-1840},  doi={10.1109/TSG.2012.2213848}}

@INPROCEEDINGS{francesca01,  author={Mele, Francesca Madia and Ortega, Álvaro and Zárate-Miñano, Rafael and Milano, Federico},  booktitle={2016 Power Systems Computation Conference (PSCC)},   title={Impact of variability, uncertainty and frequency regulation on power system frequency distribution},   year={2016},  volume={},  number={},  pages={1-8},  doi={10.1109/PSCC.2016.7540970}}

@ARTICLE{adeen01,  author={Adeen, Muhammad and Milano, Federico},  journal={IEEE Transactions on Power Systems},   title={On the Impact of Auto-Correlation of Stochastic Processes on the Transient Behavior of Power Systems},   year={2021},  volume={},  number={},  pages={1-1},  doi={10.1109/TPWRS.2021.3068038}}

@Article{lrydin01,
	author={Rydin Gorj{\~a}o, Leonardo
	and Jumar, Richard
	and Maass, Heiko
	and Hagenmeyer, Veit
	and Yalcin, G. Cigdem
	and Kruse, Johannes
	and Timme, Marc
	and Beck, Christian
	and Witthaut, Dirk
	and Sch{\"a}fer, Benjamin},
	title={Open database analysis of scaling and spatio-temporal properties of power grid frequencies},
	journal={Nature Communications},
	year={2020},
	month={Dec},
	day={11},
	volume={11},
	number={1},
	pages={6362},
	issn={2041-1723},
	doi={10.1038/s41467-020-19732-7},
	url={https://doi.org/10.1038/s41467-020-19732-7}
}


@article{nordic2018,
	author = {Andreas Thingvad and Mattia Marinelli},
	title = {Grid Frequency Measurements of the Nordic Power System during 2018.},
	year = "2020",
	month = "5",
	url = {https://data.dtu.dk/articles/dataset/Grid_Frequency_Measurements_of_the_Nordic_Power_System_during_2018_/12240260},
	doi = "10.11583/DTU.12240260.v1"
}

@article{nordic2019,
	author = {Andreas Thingvad and Mattia Marinelli},
	title = {Grid Frequency Measurements of the Nordic Power System during 2019},
	year = "2020",
	month = "8",
	url = {https://data.dtu.dk/articles/dataset/Grid_Frequency_Measurements_of_the_Nordic_Power_System_during_2019/12758573},
	doi = "10.11583/DTU.12758573.v1"
}

@article{tokyo2020,
	author = {Andreas Thingvad and Lisa Calearo and Mattia Marinelli},
	title = {Grid Frequency Measurements of the 50 Hz Japanese Power System during 2020},
	year = "2021",
	month = "2",
	url = {https://data.dtu.dk/articles/dataset/Grid_Frequency_Measurements_of_the_50_Hz_Japanese_Power_System_during_2020/14038910},
	doi = "10.11583/DTU.14038910.v1"
}

@article{tokyo2017,
	author = {Lisa Calearo and Andreas Thingvad and Mattia Marinelli},
	title = {Grid Frequency Measurements of the Japanese (Tokyo area) Power System during 2017},
	year = "2020",
	month = "10",
	url = {https://data.dtu.dk/articles/dataset/Grid_Frequency_Measurements_of_the_Japanese_Tokyo_area_Power_System_during_2017/13142858},
	doi = "10.11583/DTU.13142858.v1"
}

@article{ce2019,
	author = {Andreas Thingvad and Mattia Marinelli},
	title = {Grid Frequency Measurements of the Continental European Power System during 2019},
	year = "2020",
	month = "8",
	url = {https://data.dtu.dk/articles/dataset/Grid_Frequency_Measurements_of_the_Continental_European_Power_System_during_2019/12758429},
	doi = "10.11583/DTU.12758429.v1"
}

@article{ce2020,
	author = {Andreas Thingvad and Mattia Marinelli and Lisa Calearo},
	title = {Grid Frequency Measurements of the Continental European Power System during 2020},
	year = "2021",
	month = "5",
	url = {https://data.dtu.dk/articles/dataset/Grid_Frequency_Measurements_of_the_Continental_European_Power_System_during_2020/14604927},
	doi = "10.11583/DTU.14604927.v1"
}

@article{lrydin01,
	author = {Leonardo Rydin Gorjão},
	title = {Power-Grid-Frequency},
	year = {2020},
	publisher = {GitHub},
	journal = {GitHub repository},
	url = {https://github.com/LRydin/Power-Grid-Frequency},
	commit = {I_don't_know}
}