@article{rebennack_frank_aPrimerOnOPF,
	author = {Rebennack, Stephen Frank {\&} Steffen},
	title = {{A Primer on Optimal Power Flow: Theory, Formulation, and Practical Examples}},
	journal = {Working Papers},
	year = {2012},
	month = oct,
	publisher = {Colorado School of Mines, Division of Economics and Business},
	url = {https://ideas.repec.org/p/mns/wpaper/wp201214.html}
}

@article{gomez_exposito_multilevelStateEstimationParadigm,
	author = {Gomez-Exposito, Antonio and Abur, Ali and de la Villa Jaen, Antonio and Gomez-Quiles, Catalina},
	title = {{A Multilevel State Estimation Paradigm for Smart Grids}},
	journal = {Proc. IEEE},
	volume = {99},
	number = {6},
	pages = {952--976},
	year = {2011},
	month = apr,
	issn = {1558-2256},
	publisher = {IEEE},
	doi = {10.1109/JPROC.2011.2107490}
}

@article{fastNRPFBasedOnSparseTechniquesAndParallelProcessing,
	author = {Ahmadi, Afshin and Smith, Melissa C. and Collins, Edward R. and Dargahi, Vahid and Jin, Shuangshuang},
	title = {{Fast Newton-Raphson Power Flow Analysis Based on Sparse Techniques and Parallel Processing}},
	journal = {IEEE Trans. Power Syst.},
	volume = {37},
	number = {3},
	pages = {1695--1705},
	year = {2021},
	month = sep,
	issn = {1558-0679},
	publisher = {IEEE},
	doi = {10.1109/TPWRS.2021.3116182}
}

@article{rabayet01,
	author = {Sadnan, Rabayet and Dubey, Anamika},
	title = {{Distributed Optimization using Reduced Network Equivalents for Radial Power Distribution Systems}},
	journal = {arXiv},
	year = {2020},
	month = dec,
	eprint = {2012.02473},
	doi = {10.48550/arXiv.2012.02473}
}

@article{rabayet02,
	author = {Sadnan, Rabayet and Dubey, Anamika},
	title = {{Distributed Computing for Scalable Optimal Power Flow in Large Radial Electric Power Distribution Systems with Distributed Energy Resources}},
	journal = {arXiv},
	year = {2022},
	month = nov,
	eprint = {2211.03920},
	doi = {10.48550/arXiv.2211.03920}
}

@article{aladinAlgorithmPaper,
	author = {M{\ifmmode\ddot{u}\else\"{u}\fi}hlpfordt, Tillmann and Dai, Xinliang and Engelmann, Alexander and Hagenmeyer, Veit},
	title = {{Distributed power flow and distributed optimization{\ifmmode---\else\textemdash\fi}Formulation, solution, and open source implementation}},
	journal = {Sustainable Energy Grids Networks},
	volume = {26},
	pages = {100471},
	year = {2021},
	month = jun,
	issn = {2352-4677},
	publisher = {Elsevier},
	doi = {10.1016/j.segan.2021.100471}
}

@book{crow01,
	title = {{Computational Methods for Electric Power Systems}},
	author = {Crow, Mariesa L.},
	journal = {Routledge {\&} CRC Press},
	url = {https://www.routledge.com/Computational-Methods-for-Electric-Power-Systems/Crow/p/book/9781032098227}
}